@misc{WinNT,
  howpublished = {\url{https://www.kaggle.com/c/expedia-personalized-sort}},
  note = {Accessed: 18-04-2015}
}